@online{stm32-base,
    author = {Ryan Kurte},
    title = {STM32F4/7 Base Project},
    url = {https://github.com/ryankurte/stm32-base},
    urldate = {2021-12-15},
}

@online{stm32-ts,
    title = {ft6x06.h},
    titleaddon = {in \cite{stm32-base}},
    version = {V1.0.1},
    organization = {MCD Application Team},
    date = {2016-05-03},
    url = {https://github.com/ryankurte/stm32-base/blob/master/drivers/BSP/Components/ft6x06/ft6x06.h},
    urldate = {2021-12-15},
    addendum = {This file contains all the functions prototypes for the ft6x06.c IO expander driver.},
}

@online{material-components,
	title = {Components -- Material Design},
	organization = {Google LLC},
	url = {https://material.io/components},
	urldate = {2022-01-14}
}

@inproceedings{ts-holzinger,
	author = {Holzinger, Andreas},
	title = {Finger Instead of Mouse: Touch Screens as a Means of Enhancing Universal Access},
	year = {2002},
	month = {10},
	editor = {Carbonell, No\"elle and Stephanidis, Constantine},
	booktitle = {Universal Access Theoretical Perspectives, Practice, and Experience},
	series = {Lecture Notes in Artificial Intelligence (Subseries of Lecture Notes in Computer Science)},
	volume = {2615},
	pages = {387-397},
	publisher = {Springer Berlin Heidelberg},
	isbn = {978-3-540-36572-3},
	doi = {10.1007/3-540-36572-9_30}
}

@manual{stm32_refManual,
	title = {STM32F76xxx and STM32F77xxx
Reference manual},
	organization = {STMicroelectronics},
	version = {4}
}

@manual{I2C-spec_userManual,
	title = {UM10204 -- IÂ²C-bus specification and user manual},
	edition = {Rev. 7},
	organization = {NXP Semiconductors},
	date = {2021-10-01}
}

@manual{disco-userManual,
	titel = {Discovery kit with STM32F769NI MCU User Manual},
	edition = {Rev. 3},
	organization = {STMicroelectronic},
	date = {2018-04-13}
}

@manual{ts-userManual,
	title = {UM2104 -- 4-inch WVGA TFT LCD board with MIPI\textsuperscript{\tiny\textregistered} DSI interface and capacitive touch screen},
	edition = {Rev. 1},
	organization = {STMicroelectronics},
	date = {2016-09-28}
}

@patent{ts-self_capacitive_multitouch,
	author = {Ronald Peter Binstead},
	title = {Touch sensor},
	type = {US},
	number = {9035903B2},
	date = {2015-05-19}
}
