@online{stm32-base,
    author = {Ryan Kurte},
    title = {STM32F4/7 Base Project},
    url = {https://github.com/ryankurte/stm32-base},
    urldate = {2021-12-15},
}

@online{stm32-ts,
    title = {ft6x06.h},
    titleaddon = {in \cite{stm32-base}},
    version = {V1.0.1},
    organization = {MCD Application Team},
    date = {2016-05-03},
    url = {https://github.com/ryankurte/stm32-base/blob/master/drivers/BSP/Components/ft6x06/ft6x06.h},
    urldate = {2021-12-15},
    addendum = {This file contains all the functions prototypes for the ft6x06.c IO expander driver.},
}

@inproceedings{ts-holzinger,
	author = {Holzinger, Andreas},
	title = {Finger Instead of Mouse: Touch Screens as a Means of Enhancing Universal Access},
	year = {2002},
	month = {10},
	editor = {Carbonell, No\"elleand Stephanidis, Constantine},
	booktitle = {Universal Access Theoretical Perspectives, Practice, and Experience},
	series = {Lecture Notes in Artificial Intelligence (Subseries of Lecture Notes in Computer Science)},
	volume = {2615},
	pages = {387-397},
	publisher={Springer Berlin Heidelberg},
	isbn = {978-3-540-36572-3},
	doi = {10.1007/3-540-36572-9_30}
}
